<record><leader>00000cas a22000007a 4500</leader><controlfield tag="001">11123626</controlfield><controlfield tag="008">840906d18301868ohuwr ne      0    0eng d</controlfield><datafield ind1=" " ind2=" " tag="010"><subfield code="a">sn 84028480 </subfield></datafield><datafield ind1=" " ind2=" " tag="040"><subfield code="a">NPY</subfield><subfield code="b">eng</subfield><subfield code="c">NPY</subfield><subfield code="d">NPX</subfield><subfield code="d">DLC</subfield><subfield code="d">ONP</subfield><subfield code="d">NVF</subfield><subfield code="d">MHN</subfield><subfield code="d">OCL</subfield><subfield code="d">OCLCQ</subfield><subfield code="d">OCLCF</subfield><subfield code="d">OCLCO</subfield><subfield code="d">OCLCA</subfield></datafield><datafield ind1=" " ind2=" " tag="042"><subfield code="a">msc</subfield></datafield><datafield ind1=" " ind2=" " tag="043"><subfield code="a">n-us-oh</subfield></datafield><datafield ind1="0" ind2="0" tag="050"><subfield code="a">Newspaper 9214-X</subfield></datafield><datafield ind1="0" ind2=" " tag="130"><subfield code="a">Ohio repository (Canton, Ohio : 1830)</subfield></datafield><datafield ind1="1" ind2="0" tag="245"><subfield code="a">Ohio repository.</subfield></datafield><datafield ind1=" " ind2=" " tag="260"><subfield code="a">Canton, Ohio :</subfield><subfield code="b">John Saxton,</subfield><subfield code="c">-1868.</subfield></datafield><datafield ind1=" " ind2=" " tag="300"><subfield code="a">v.</subfield></datafield><datafield ind1=" " ind2=" " tag="310"><subfield code="a">Weekly</subfield></datafield><datafield ind1="1" ind2=" " tag="362"><subfield code="a">Began in 1830.</subfield></datafield><datafield ind1="0" ind2=" " tag="362"><subfield code="a">-v. 54, no. 32 (Nov. 4, 1868).</subfield></datafield><datafield ind1=" " ind2=" " tag="500"><subfield code="a">Publishers: John Saxton, &lt;1831&gt;; John &amp; Joshua Saxton, 1831-1838; John Saxton, 1838-&lt;1851&gt;; John Saxton &amp; Son, &lt;1852&gt;-1866; John &amp; Thomas W. Saxton, Lewis S. Dilley, &lt;1867&gt;; T.W. Saxton, &lt;1868&gt;.</subfield></datafield><datafield ind1=" " ind2=" " tag="500"><subfield code="a">National Republican, 1830-1834; Whig, 1834-1854; Republican, 1855-1868.</subfield></datafield><datafield ind1=" " ind2=" " tag="515"><subfield code="a">Vols. for &lt;Jan. 6, 1831&gt; also called total no. &lt;815&gt;.</subfield></datafield><datafield ind1=" " ind2=" " tag="515"><subfield code="a">Vols. for &lt;Feb. 22, 1838-Nov. 5, 1840&gt; also called whole no. &lt;1187-1327&gt;.</subfield></datafield><datafield ind1=" " ind2=" " tag="580"><subfield code="a">Merged with: Stark County republican, to form: Canton repository and Republican.</subfield></datafield><datafield ind1=" " ind2=" " tag="588"><subfield code="a">Description based on: Vol. 16, no. 35 (Jan. 6, 1831).</subfield></datafield><datafield ind1=" " ind2="0" tag="651"><subfield code="a">Canton (Ohio)</subfield><subfield code="v">Newspapers.</subfield></datafield><datafield ind1=" " ind2="0" tag="651"><subfield code="a">Stark County (Ohio)</subfield><subfield code="v">Newspapers.</subfield></datafield><datafield ind1=" " ind2="7" tag="655"><subfield code="a">Newspapers.</subfield><subfield code="2">fast</subfield><subfield code="0">(OCoLC)fst01423814</subfield></datafield><datafield ind1=" " ind2="7" tag="651"><subfield code="a">Ohio</subfield><subfield code="z">Canton.</subfield><subfield code="2">fast</subfield><subfield code="0">(OCoLC)fst01202881</subfield></datafield><datafield ind1=" " ind2="7" tag="651"><subfield code="a">Ohio</subfield><subfield code="z">Stark County.</subfield><subfield code="2">fast</subfield><subfield code="0">(OCoLC)fst01219876</subfield></datafield><datafield ind1=" " ind2=" " tag="752"><subfield code="a">United States</subfield><subfield code="b">Ohio</subfield><subfield code="c">Stark</subfield><subfield code="d">Canton.</subfield></datafield><datafield ind1="0" ind2="0" tag="780"><subfield code="t">Ohio repository, and Stark County gazette</subfield><subfield code="w">(DLC)sn 84024476</subfield><subfield code="w">(OCoLC)11107379</subfield></datafield><datafield ind1="0" ind2="7" tag="785"><subfield code="t">Stark County Republican</subfield><subfield code="w">(DLC)sn 84028481</subfield><subfield code="w">(OCoLC)11123676</subfield></datafield><datafield ind1="0" ind2="7" tag="785"><subfield code="t">Canton repository and Republican</subfield><subfield code="w">(DLC)sn 84028484</subfield><subfield code="w">(OCoLC)11123750</subfield></datafield></record>